@book{hayes2009,
	author    = {Bruce Hayes},
	publisher = {Blackwell},
	title     = {Introductory Phonology},
	year      = {2009}
}

@book{chomsky1991sound,
  title={The Sound Pattern of English},
  author={Chomsky, N. and Halle, M.},
  isbn={9780262530972},
  lccn={lc90019232},
  series={Studies in language},
  url={https://books.google.com.br/books?id=cJB9QgAACAAJ},
  year={1991},
  publisher={MIT Press}
}

@inproceedings{moisikesling2011,
	author    = {Moisik, Scott R. and Esling, John H.},
	booktitle = {Proceedings of the International Congress of Phonetic Sciences (ICPhS XVII)},
	pages     = {1406-1409},
	title     = {The 'whole larynx' approach to laryngeal features},
	year      = {2011}
}

@inproceedings{campbell2001,
    author    = {Lyle Campbell},
    title     = {Beyond the Comparative Method},
    booktitle = {Historical Linguistics 2001. 15th International Conference on Historical Linguistics},
    address   = {Melbourne},
    year      = {2001},
    editor    = {Blake, Barry J. and Burridge, Kate and Taylor, Jo}
}

@inproceedings{savva2014transphoner,
	author    = {Savva, Manolis and Chang, Angel X and Manning, Christopher D and Hanrahan, Pat},
	booktitle = {CHI 2014 Conference Proceedings: ACM Conference on Human Factors in Computing Systems},
	title     = {TransPhoner: Automated Mnemonic Keyword Generation},
	year      = {2014},
	url       = {http://graphics.stanford.edu/projects/transphoner}
}

@article{Needleman1970,
	title    = {A gene method applicable to the search for similarities in the amino acid sequence of two proteins},
	journal  = {Journal of Molecular Biology},
	author   = {Needleman, Saul B. and Wunsch, Christan D.},
	volume   = {48},
	year     = {1970},
	keywords = {sequence, alignment, algorithms},
	pages    = {443--453}
}

@article{Morgenstern1996,
	title    = {Multiple DNA and protein sequence alignment based on segment-to-segment comparison},
	journal  = {Proceedings of the National Academy of Sciences of the United States of America},
	author   = {Morgenstern, Burkhard and Dress, Andreas and Werner, Thomas},
	volume   = {93},
	year     = {1996},
	keywords = {multiple sequence alignment},
	pages    = {12098--12103}
}

@inproceedings{list2012lexstat,
	title        = {LexStat: Automatic detection of cognates in multilingual wordlists},
	author       = {List, Johann-Mattis},
	booktitle    = {Proceedings of the EACL 2012 Joint Workshop of LINGVIS \& UNCLH},
	pages        = {117--125},
	year         = {2012},
	organization = {Association for Computational Linguistics}
}

@article{ringe2002indo,
  title   = {Indo-European and Computational Cladistics},
  author  = {Ringe, Don and Warnow, Tandy and Taylor, Ann},
  journal = {Transactions of the Philological Society},
  volume  = {100},
  number  = {1},
  pages   = {59--129},
  year    = {2002}
}

@article{gray2003language,
	title     = {Language-tree divergence times support the Anatolian theory of Indo-European origin},
	author    = {Gray, Russell D. and Atkinson, Quentin D.},
	journal   = {Nature},
	volume    = {426},
	number    = {6965},
	pages     = {435--439},
	year      = {2003},
	publisher = {Nature Publishing Group}
}

@article{holman2011automated,
	title     = {Automated dating of the world’s language families based on lexical similarity},
	author    = {Holman, Eric W and Brown, Cecil H and Wichmann, S{\o}ren and M{\"u}ller, Andr{\'e} and Velupillai, Viveka and Hammarstr{\"o}m, Harald and Sauppe, Sebastian and Jung, Hagen and Bakker, Dik and Brown, Pamela and others},
	journal   = {Current Anthropology},
	volume    = {52},
	number    = {6},
	pages     = {841--875},
	year      = {2011},
	publisher = {JSTOR}
}

@article{baxter2000beyond,
	title  = {Beyond lumping and splitting: probabilistic issues in historical linguistics},
	author = {Baxter, William H and Ramer, Alexis Manaster}
}

@article{mortarino2009improved,
	title     = {An improved statistical test for historical linguistics},
	author    = {Mortarino, Cinzia},
	journal   = {Statistical Methods and Applications},
	volume    = {18},
	number    = {2},
	pages     = {193--204},
	year      = {2009},
	publisher = {Springer}
}

@book{pereltsvaig2015indo,
	title     = {The Indo-European Controversy},
	author    = {Pereltsvaig, A. and Lewis, M. W.},
	isbn      = {9781107054530},
	lccn      = {2014040462},
	year      = {2015},
	publisher = {Cambridge University Press}
}

@online{hakkinen2012,
	title   = {Problems in the method and interpretations of the computational phylogenetics based on linguistic data -- An example of wishful thinking: Bouckaert et al. 2012},
	author  = {Jaakko Häkkinen},
	year    = {2012},
	url     = {http://www.elisanet.fi/alkupera/Problems_of_phylogenetics.pdf},
	urldate = {2016-09-13}
}

@online{UCSB,
	title   = {Introduction to Segmental Phonology},
	author  = {Department{\ }of{\ }Linguistics{\ }--{\ }UCSB},
	year    = {2016},
	url     = {http://www.linguistics.ucsb.edu/projects/featuresoftware/index.php},
	urldate = {2016-09-13}
}

@article{mielke2012phonetically,
	title     = {A phonetically based metric of sound similarity},
	author    = {Mielke, Jeff},
	journal   = {Lingua},
	volume    = {122},
	number    = {2},
	pages     = {145--163},
	year      = {2012},
	publisher = {Elsevier}
}

@book{mielke2008emergence,
  title     = {The Emergence of Distinctive Features},
  author    = {Mielke, Jeff},
  isbn      = {9780191525940},
  series    = {Oxford Studies in Typology and Linguistic Theory},
  year      = {2008},
  publisher = {OUP Oxford}
}


@book{gusfield1997algorithms,
	title     = {Algorithms on Strings, Trees and Sequences: Computer Science and Computational Biology},
	author    = {Gusfield, D.},
	isbn      = {9780521585194},
	lccn      = {96046612},
	series    = {EBL-Schweitzer},
	year      = {1997},
	publisher = {Cambridge University Press}
}

@phdthesis{kondrak2002algorithms,
	title  = {Algorithms For Language Reconstruction},
	author = {Kondrak, Grzegorz},
	year   = {2002},
	school = {University of Toronto}
}

@article{dolgopolsky1964,
	title  = {Gipoteza drevnejšego rodstva jazykovych semej Severnoj Evrazii s verojatnostej točky zrenija [A probabilistic hypothesis concerning the oldest relationships among the language families of Northern Eurasia]},
	author = {Aron B. Dolgopolsky},
	year   = {1964},
	volume = {2},
	pages  = {53--63},
	journal = {Voprosy Jazykoznanija}
}

@misc{johann_mattis_list_2016_51480,
  author       = {Johann-Mattis List and Robert Forkel},
  title        = {LingPy 2.5},
  month        = may,
  year         = 2016,
  doi          = {10.5281/zenodo.51480},
  url          = {https://doi.org/10.5281/zenodo.51480}
}

@misc{fonetikode,
	author    = {Dediu, Dan and Moisik, Scott},
	title     = {Fonetikode},
	year      = {2015},
	address   = {Nijmegen},
	publisher = {Max Planck Institute for Psycholinguistics},
	url       = {https://github.com/ddediu/phon-class-counts},
}

@book{phoible,
  address   = {Leipzig},
  editor    = {Steven Moran and Daniel McCloy and Richard Wright},
  publisher = {Max Planck Institute for Evolutionary Anthropology},
  title     = {PHOIBLE Online},
  url       = {http://phoible.org/},
  year      = {2014}
}

@article{creanza2015comparison,
	title     = {A comparison of worldwide phonemic and genetic variation in human populations},
	author    = {Creanza, Nicole and Ruhlen, Merritt and Pemberton, Trevor J. and Rosenberg, Noah A. and Feldman, Marcus W. and Ramachandran, Sohini},
	journal   = {Proceedings of the National Academy of Sciences},
	volume    = {112},
	number    = {5},
	pages     = {1265--1272},
	year      = {2015},
	publisher = {National Academy of Sciences}
}

@article{Stewart-1967,
  author     = {Stewart, J.  M.},
  journal    = {Phonetica},
  pages      = {185-204},
  title      = {Tongue root position in Akan vowel harmony},
  volume     = {16},
  year       = {1967},
  iso_code   = {aka},
  olac_field = {general_linguistics; phonetics; typology; phonology},
  wals_code  = {akn}
}

@article{lee2013variaccao,
  title={Varia{\c{c}}{\~a}o fonol{\'o}gica e fonologia como a gram{\'a}tica de compreens{\~a}o},
  author={Lee, Seung-Hwa},
  journal={Organon},
  volume={28},
  number={54},
  year={2013}
}

@incollection{weiss2015,
  author      = {Michael Weiss},
  title       = {The Comparative Method},
  editor      = {Claire Bowern and Bethwyn Evans},
  booktitle   = {The Routledge Handbook of Historical Linguistics},
  publisher   = {Routledge},
  address     = {New York},
  year        = 2015,
  pages       = {127--145},
}
